
\begin{thebibliography}{9}
\bibitem{article}
Richard Eng (2018) \emph{Introduction to the Smalltalk Programming Language}, Code Project

\bibitem{paper}
Alan C. Kay (1993) \emph{The Early History of Smalltalk}, The Association of Computing Machinery

\bibitem{article}
Ward Cunningham (2010) \emph{Smalltalk Examples}, Wiki.C2

\bibitem{lecture}
Dan Ingalls (2017) \emph{Yesterday's Computer of Tomorrow: Smalltalk-76 Demo}, The Xerox Alto

\bibitem{paper}
Shakuntala Miriyala, Gul Agha, Yamina Sami(1992) \emph{Visualizing Actor Programs using Predicate Transition Nets}, University of Illinois

\bibitem{survey}
StackOverflow (2017) \emph{Stackoverflow Developer's Survey}, Stackoverflow.com

\end{thebibliography}